2700 5160
118 336 205 404 lffli)
467 345 577 401 llum
600 346 802 400 ventosum
827 347 868 399 ltt
964 366 967 371 ·
988 362 999 369 ··

120 496 205 558 tollas,
222 493 345 545 Phormio
366 498 483 545 mortuus
501 501 552 545 est
583 494 646 553 Sed.
686 501 765 546 natm.

119 572 188 639 quod
208 572 312 628 mirere,
336 570 383 620 sub
404 579 547 621 extremum
569 571 648 622 finem
719 564 1216 632 Aedsnmmpudarwffibrlsem·

120 648 249 700 Naturam
260 649 309 698 hoe
320 648 429 699 scribit:
446 650 499 701 Qui
511 652 543 700 de
554 663 648 700 oonsu-
687 647 773 710 binus,
796 655 824 697 et
839 645 1016 707 Victorianus,
1032 658 1061 693 eo
1076 658 1104 692 rs
1119 644 1216 692 mssa.

120 739 150 775 ra
168 725 216 775 irae
235 731 326 774 nostru
346 723 481 785 dubitarit,
509 725 647 788 postremis
688 722 811 773 Fuiirnus.
1071 776 1076 783 ,

120 801 264 866 quibusque
274 800 393 850 Terentii
409 808 437 851 et
451 800 538 850 Plauti
554 799 646 850 tabulis
722 798 769 862 Re]
786 797 902 848 Pecunia
917 802 1014 847 mutue·
1025 801 1079 846 set.
1088 807 1133 845 ιιι.
1144 808 1182 845 se.
1191 799 1218 845 t.-

119 877 205 938 leetia,
213 892 229 925 a
239 890 290 938 me,
307 876 329 926 si
339 876 442 942 quidem
454 890 530 925 sanus
541 876 646 939 poterit,
687 877 726 927 Μ.
739 875 900 926 cmaulouss.

120 952 268 1015 dissentiat,
286 952 385 1002 licebit.
429 951 508 1013 Hem,
533 953 648 1016 Quidem
718 953 852 1005 tliaotsss
861 950 924 1013 oola]
939 946 1064 997 libenter
1075 943 1110 994 de
1128 951 1158 994 te
1172 944 1216 994 be·
1251 966 1254 979 =

119 1027 212 1079 mor!
230 1028 350 1078 Preseus
361 1027 449 1092 ltaque
459 1026 522 1076 mihi
533 1025 565 1076 eb
581 1027 649 1076 insu·
688 1044 721 1081 ne
731 1042 841 1088 mereor,
852 1026 900 1075 tibi
912 1022 1053 1088 gratificer.
1080 1023 1169 1071 ldesse

120 1104 316 1168 nisperioulum
325 1102 648 1166 mtetDoetisomnibusq
720 1106 821 1154 Faetus
834 1101 896 1164 nolo]
919 1102 979 1151 Nou
1000 1106 1041 1148 est
1064 1096 1134 1162 qaod
1156 1094 1218 1147 Gal·

121 1181 165 1245 qui
185 1193 312 1244 unnqasm
331 1178 434 1242 Gnyeto
461 1179 648 1239 mentientem
687 1182 726 1231 las
747 1181 839 1246 uliquis
860 1178 961 1229 eredat.
994 1175 1070 1225 lderu
1089 1173 1160 1223 enim
1179 1178 1219 1223 est

119 1255 177 1319 lpse
189 1261 271 1316 certe,
281 1253 413 1304 dissentio.
444 1254 496 1304 Sed
512 1256 561 1305 hoe
572 1256 649 1319 plano
689 1256 794 1317 latine,
803 1263 882 1320 atque
893 1253 923 1329 id
932 1251 1002 1316 quod
1016 1250 1080 1300 alibi
1090 1248 1160 1299 dixit
1170 1249 1217 1299 'l'e-

120 1330 227 1394 digaum
248 1337 291 1380 est
319 1327 387 1394 qnod
409 1328 648 1390 animadvertam
689 1334 804 1383 renuas:
817 1327 1051 1388 eumfaetssre
1063 1323 1218 1375 sliterdioe·

122 1406 252 1471 Guyetus,
268 1405 312 1471 qui
328 1405 400 1455 nobis
410 1406 561 1456 Terentium
573 1421 650 1470 pene
689 1424 741 1472 res,
750 1409 779 1459 id
791 1422 832 1458 rue
843 1406 938 1457 iecisse
949 1403 1058 1468 pendeo.
1076 1399 1167 1452 Fater.

121 1487 206 1533 totum
243 1479 381 1545 subuertit,
407 1483 492 1532 nescit
519 1483 649 1534 interdum
721 1485 757 1535 As
772 1485 811 1548 pal
829 1479 988 1544 aiwqm]
1003 1478 1116 1528 Scilicet
1134 1476 1219 1541 opltu·

122 1556 277 1621 quldlegst.
308 1558 651 1623 Emultisexempiisunum
689 1561 748 1612 lari.
761 1560 860 1609 utinam
876 1559 933 1623 plns
946 1555 1088 1620 potuissem
1104 1550 1156 1602 tibi
1176 1550 1219 1601 du·

122 1631 264 1683 suffecerit.
298 1636 339 1684 En
350 1634 453 1697 tibi;et
459 1636 513 1698 jem
525 1632 595 1687 uliud
609 1650 650 1685 su·
690 1651 736 1687 set
753 1633 930 1701 quodt'setum
941 1628 1100 1693 esset,siex
1116 1625 1220 1692 prediis

122 1709 211 1774 perius
232 1710 311 1761 hebes
331 1710 364 1761 ed
386 1717 478 1761 actv.
499 1726 535 1761 se.
550 1715 576 1761 t.
608 1710 651 1762 Au
690 1711 754 1763 meis
773 1710 794 1760 is
810 1709 910 1759 tanetus
933 1706 1054 1767 redisset,
1069 1702 1115 1771 qui
1135 1700 1219 1753 redire

123 1799 214 1836 versus
223 1786 285 1835 istos
296 1785 340 1851 qai
352 1785 378 1834 in
391 1786 545 1837 Phormione
563 1788 651 1851 legun·
691 1785 813 1837 debobst.
829 1785 960 1835 Recens

123 1869 168 1912 tur
181 1868 232 1913 set.
243 1876 270 1912 v.
287 1866 362 1913 ses.
377 1862 386 1891 ‘
399 1862 437 1912 Ut
454 1861 489 1912 sit
505 1863 550 1928 qai
569 1864 650 1927 alsat,
722 1861 845 1913 surana
868 1856 986 1924 capiebat]
1002 1855 1105 1920 Satine,
1127 1868 1220 1921 perpe·

124 1938 184 1990 dum
207 1937 276 1988 eliud
298 1937 394 2004 aliquid
411 1935 502 2001 flagitii
521 1936 650 1989 conficiet.
691 1947 746 2004 too,
767 1937 910 2003 equaliter,
929 1941 958 1986 et
974 1933 1048 1999 qussi
1069 1948 1123 1984 nno
1142 1938 1222 1983 stetu·

125 2013 160 2065 G.
176 2013 339 2064 Plenissime.
384 2012 417 2063 D.
444 2013 476 2063 ils
498 2027 566 2064 nune
584 2028 652 2077 prse-
690 2011 985 2078 Plautus,‘1tsststim
1004 2013 1079 2059 stent
1096 2006 1224 2073 signu'et

122 2089 201 2139 mium
213 2097 265 2150 est,
281 2090 324 2154 qai
347 2096 420 2138 reeta
440 2103 521 2154 prave
540 2086 651 2139 fuciunt.
689 2083 1124 2153 haletprimamloagamzqamdo
1136 2091 1222 2133 sutem

125 2163 161 2214 G.
178 2164 327 2213 verissime.
362 2164 397 2211 D.
413 2173 443 2213 nt
454 2163 603 2213 stultissime
613 2163 651 2212 illl
692 2164 823 2229 significet
839 2162 1037 2226 eliud‚primem
1056 2158 1166 2211 brevem
1180 2160 1225 2209 ln·

124 2239 359 2303 remqesserimnn'
381 2237 652 2304 Postqusmdixithos
692 2240 748 2290 bet}
766 2240 886 2289 Donatus.

124 2327 216 2365 versus
234 2328 292 2365 sese
311 2314 422 2380 spurios,
435 2315 484 2365 lroc
495 2329 596 2380 quoque
607 2315 652 2365 ud·
725 2313 940 2379 Statimmpieiat]
958 2313 1081 2363 Donstna
1089 2311 1169 2362 trieri
1177 2317 1225 2362 ste·

126 2390 182 2442 dit:
199 2406 250 2443 ress
260 2392 332 2442 alind
341 2406 433 2455 geren,
450 2398 521 2442 recte
533 2391 584 2441 dici
597 2407 655 2456 pos·
692 2386 738 2442 iim
759 2393 885 2455 explieat,
904 2394 1027 2454 perpetuo,
1046 2388 1184 2453 equaliter,
1203 2390 1225 2436 et

126 2482 154 2518 se
176 2481 338 2533 nequequam
359 2468 471 2518 videtur.
512 2467 562 2519 Sed
585 2469 653 2518 unde
693 2469 898 2531 quasiueostats.
931 2464 1008 2527 Apud
1026 2463 1226 2527 Plautumlegi·

125 2557 198 2593 error
217 2544 262 2593 ille
282 2544 400 2608 Guyeti?
437 2545 478 2593 Ex
500 2557 531 2592 eu
551 2545 655 2594 seilicet
694 2540 1225 2603 mus‘Statimremgerese.’item,‘8ts·

127 2618 196 2682 quod
211 2633 261 2667 uon
274 2620 397 2681 cogitarit
407 2618 436 2666 ri
446 2619 485 2668 iili
496 2632 551 2667 esse
563 2620 654 2669 sdver·
695 2620 741 2667 tim
753 2625 824 2667 stsut
833 2615 923 2680 signa!
939 2614 1075 2675 lennem.
1093 2614 1224 2680 Amphitr.

126 2693 208 2754 bium,
219 2707 269 2740 aon
281 2697 367 2740 nutem
377 2705 527 2755 pronomen.
550 2691 655 2757 Atquin
694 2706 715 2742 ι.
724 2697 746 2742 1.
756 2696 798 2741 se.
810 2696 866 2742 120.
882 2691 1011 2740 Rectene.

127 2781 178 2817 non
201 2767 334 2830 intelligit,
362 2767 389 2816 id
414 2774 463 2830 est,
485 2768 655 2818 somniculose
727 2766 831 2828 Statim]
857 2767 1033 2825 Constanter3
1051 2764 1162 2830 siugulis
1183 2779 1224 2815 nn·

128 2842 291 2904 legitimum
303 2842 383 2892 delet.
414 2843 525 2893 Miseros
536 2841 655 2905 profecto
693 2843 741 2893 nis.
760 2844 823 2892 Mer.
836 2842 996 2891 Caesulenus.

128 2917 172 2980 qui
184 2924 244 2966 unte
256 2930 302 2965 nos
320 2916 489 2980 seripserunt,
505 2916 537 2978 si,
552 2918 654 2982 quoties
730 2920 772 2969 Vir
783 2921 835 2968 airu
853 2920 910 2984 quid
922 2915 1035 2981 prestat]
1051 2917 1122 2967 Eun.
1132 2923 1187 2967 aet.
1197 2930 1226 2966 ιι.

128 2988 224 3053 eliquid
237 2990 263 3038 in
275 3004 362 3039 eorum
373 2991 446 3040 libris
456 3006 507 3040 non
516 2991 656 3058 intelliges,
695 3008 732 3045 sc.
744 3000 769 3044 2.
788 2997 796 3023 ⁴
809 2995 914 3044 Homini
924 2994 1000 3043 homo
1015 2994 1078 3057 quid
1100 2993 1226 3058 praestati

127 3064 190 3114 illud
208 3066 338 3128 extemplo
356 3064 493 3115 delendum
516 3079 574 3115 esre
596 3081 655 3131 pro·
695 3072 775 3120 stulto
786 3069 935 3134 intelligens
944 3067 1014 3120 Quid
1027 3070 1166 3120 interesti'
1182 3070 1220 3118 Id.

127 3141 241 3191 nunties.
258 3141 345 3190 Fater.
726 3150 742 3194 9
760 3145 869 3208 Scilicet]
888 3144 1006 3194 Obscure
1017 3152 1046 3194 et
1060 3146 1227 3210 negligenter

161 3220 174 3266 l
193 3216 417 3279 Agedsmutsoles,
430 3217 597 3281 Nausistrata]
607 3218 654 3268 Di·
695 3221 842 3281 annuentis,
865 3226 894 3268 ut
913 3219 957 3283 qul
976 3219 1154 3270 Nausistrstse
1178 3234 1229 3273 set·

128 3292 185 3341 oilie
196 3294 317 3342 uxorisde
332 3293 419 3342 marito
434 3294 543 3343 tuentius
559 3309 654 3357 cosque·
694 3310 770 3345 mone
787 3310 838 3345 non
854 3296 1040 3346 delectaretur.
1058 3296 1126 3347 Mer.
1141 3299 1229 3347 Casas·

128 3368 203 3417 restis
212 3369 261 3417 lae
271 3368 383 3417 allocutio
393 3373 497 3428 atrum
507 3368 657 3431 dispositione
695 3369 775 3419 donee.

121 3442 263 3501 suturarum
276 3443 406 3492 turdarum.
423 3444 549 3492 Donatus.
728 3448 759 3493 1⁰
777 3443 847 3494 Certe
856 3444 918 3508 seio]
933 3445 957 3494 1.
968 3460 992 3496 e.
1008 3446 1118 3498 minime
1128 3447 1232 3499 dubita

163 3516 213 3564 Fae
231 3521 257 3564 ut
274 3517 318 3564 illa
335 3519 442 3580 placetur
462 3516 540 3578 eodm]
556 3516 592 3566 Ο.
604 3517 622 3566 Ι.
634 3532 655 3567 s.
695 3526 724 3568 et
734 3519 782 3568 lroc
794 3520 895 3583 placide
910 3522 1065 3585 interponit,
1076 3530 1109 3574 ut
1120 3524 1229 3575 Nausis-

123 3589 219 3650 fusilia
230 3596 257 3639 ut
269 3605 296 3653 p.
308 3606 333 3640 ιι.
352 3591 421 3655 quod
432 3593 564 3641 meliorem
576 3589 657 3641 efficit
696 3603 763 3645 treta
774 3611 925 3660 sermonem,
935 3598 1007 3663 (qum
1020 3599 1076 3663 jum
1090 3614 1183 3651 vocem
1196 3600 1229 3651 sl·

129 3681 272 3717 numerum·
290 3665 405 3715 Fairsss.
697 3671 747 3719 tius
768 3671 870 3733 tollere,
886 3680 913 3721 et
932 3673 996 3724 irem
1015 3675 1145 3726 nescisne
1165 3677 1229 3732 inci·

162 3747 179 3792 t
195 3742 296 3792 Pariter
305 3756 366 3790 usuc
375 3755 447 3803 opera
461 3755 497 3790 uss
507 3741 613 3804 adisses,
629 3757 657 3791 au
697 3746 798 3810 plebat)
816 3748 868 3808 Ego
885 3752 1029 3800 ostenderem
1040 3768 1086 3815 qao
1099 3758 1182 3816 preto,
1192 3753 1230 3802 in·

128 3836 155 3871 re
165 3823 253 3872 dodum
263 3820 378 3884 opitulata
395 3817 432 3880 es]
448 3819 521 3868 Bene
538 3819 656 3870 Donatus
696 3821 795 3887 quiens,
806 3824 987 3887 interciperet,
995 3840 1025 3874 ue
1034 3829 1151 3877 sisteret.
1169 3829 1229 3881 Quo

129 3895 291 3947 hioannotat
302 3896 386 3944 locam
403 3902 456 3944 aot.
468 3908 508 3944 ιν.
525 3908 562 3944 so.
573 3899 597 3944 t.
616 3911 656 3946 rs.
697 3897 775 3946 etiem
799 3905 918 3960 spectant
936 3906 964 3948 et
981 3902 1129 3965 sequentia,
1150 3903 1233 3953 Peroe

130 3973 172 4020 so.
198 3971 251 4022 ‘Id
271 3984 385 4022 sumam:
411 3969 497 4032 uxori,
525 3970 571 4020 tibi
591 3986 656 4034 opus
695 3973 770 4029 sodes,
780 3976 819 4035 tre.
831 3973 849 4021 i.
861 3987 885 4022 e.
906 3988 985 4036 parce
997 3976 1054 4037 tibi,
1064 3984 1095 4027 ut
1106 3992 1157 4043 per
1172 3990 1228 4027 esse

130 4056 196 4109 tete,
210 4045 320 4097 dixero!
336 4046 464 4096 nmmos
697 4048 780 4111 possis
795 4048 831 4096 illi
844 4046 953 4112 juniori,
964 4053 986 4101 si
1007 4051 1077 4103 torte
1089 4069 1168 4120 opus,
1178 4057 1227 4105 dte·

163 4120 202 4171 Ae
223 4123 310 4172 dedum
327 4137 354 4172 re
372 4122 489 4185 opitulata
509 4121 546 4185 es]
572 4119 657 4184 Suprs
697 4121 771 4170 idem.

131 4196 200 4245 enim
210 4195 313 4247 dixerut
325 4198 458 4257 cumines,
473 4198 482 4224 ‘
498 4194 529 4245 Id
541 4210 658 4247 sumam:
730 4202 759 4247 1⁴
777 4199 850 4248 Posse
859 4201 912 4262 plus
928 4219 997 4265 quum
1013 4210 1049 4253 sat
1062 4205 1130 4271 erut]
1148 4205 1228 4259 Locu-

32 4300 40 4321 .
131 4272 217 4338 osori,
236 4270 286 4325 tibi
304 4286 371 4337 opus
390 4285 459 4335 esse,
478 4270 586 4323 dixero!
604 4273 658 4323 Do·
696 4282 739 4325 tus
751 4288 816 4338 sum,
827 4276 938 4328 scilieet.
950 4281 983 4330 ad
993 4288 1159 4344 spectatores
1171 4297 1225 4335 rer-
