2700 5160
126 329 211 395 1612
474 342 583 391 noris
604 340 806 390 vsuiouun
832 339 871 388 tn

160 488 193 532 22
210 481 369 545 Relinquunt]
385 481 416 531 id
437 491 486 545 est,
504 496 554 532 non
565 496 652 532 secum
687 495 795 530 munere
806 478 920 529 fideliter
932 475 1036 542 frunger.
1053 478 1118 527 Mer.
1132 480 1220 529 Ceser-

129 557 271 607 nbducnut.
290 559 364 606 idem.
689 558 768 606 bonne

161 632 238 687 Queri
254 631 406 693 magistrum]
425 632 591 695 Beneuenti:
610 631 654 696 qui
723 638 754 682 27
776 633 864 682 Venere
884 633 911 680 iu
939 636 1039 680 mentem
1059 631 1128 679 irloec
1149 629 1218 691 miii]

119 721 180 756 ¹non
197 707 339 770 complevit
355 704 404 755 bo'o
423 707 516 774 iprum,
532 722 581 757 uec
600 708 656 757 rult
696 708 816 759 Verirer'u
830 713 938 765 menum,
950 721 999 756 non
1011 706 1044 756 ad
1056 706 1220 756 recordatio·

128 796 195 832 esse.
212 783 287 832 idem.
691 798 750 833 uem
761 789 861 832 tantum
873 782 985 830 dicitur:
1002 782 1048 831 sed
1068 783 1101 830 ad
1118 790 1221 845 repnte·

160 856 318 919 lliugistrnm]
325 857 368 906 Sic
377 856 464 906 Latini
475 873 481 905 ι
494 871 570 920 quem
581 857 656 907 Grae·
693 860 788 909 tionem
795 865 824 906 et
834 857 1042 919 intelligentiam.
1062 858 1184 905 omnus.

127 934 151 982 ci
162 933 312 994 παιδαγωγὸν
323 934 466 996 appellant.
482 933 557 980 Idem.
729 935 817 983 Venere
827 934 853 982 iu
862 937 964 981 mentem
972 932 1039 981 istuc
1055 931 1127 994 milri]
1143 930 1222 981 Huud

162 1011 184 1055 0
204 1011 276 1065 Gelu,
291 1010 437 1073 proeinciqu
456 1009 539 1069 cepisti
557 1008 655 1071 durum]
693 1008 813 1072 equidem
824 1009 1050 1071 miror,etparutn
1068 1006 1145 1056 abest
1160 1007 1222 1069 quin

128 1085 272 1148 Acqnisitae
289 1086 361 1133 bello
380 1085 457 1145 longe
475 1085 510 1130 ab
526 1083 605 1132 ltalia
617 1098 656 1130 re·
693 1085 719 1133 id
735 1083 783 1132 tibi
794 1083 885 1131 merito
895 1084 1038 1146 contigisse
1047 1081 1222 1147 pronuntiem.

129 1161 227 1223 gloues,
248 1166 255 1188 ⁴
273 1157 432 1222 proriueiae'
455 1157 534 1206 dictae
554 1164 625 1218 snut,
640 1171 657 1205 a
694 1157 931 1208 blancanicum.

128 1250 216 1299 porro,
238 1237 279 1284 vel
298 1234 399 1297 procul,
419 1240 446 1282 et
468 1233 605 1282 vincendo.
623 1233 655 1281 ad
725 1235 791 1282 Num
807 1248 859 1295 onoe
877 1232 972 1281 inentia
987 1234 1165 1291 reundrerusm
1179 1230 1223 1279 sti-

128 1327 193 1375 quas
205 1311 265 1375 qnia
275 1310 408 1358 Praetores
420 1323 477 1356 cum
497 1306 582 1357 officio
598 1308 657 1356 mit·
692 1312 780 1358 emines
788 1311 872 1373 enices]
884 1310 942 1359 Hoc
953 1311 1049 1359 dictum
1057 1317 1084 1357 et
1094 1307 1225 1371 superiori

129 1383 357 1447 scemmenstete
367 1398 470 1447 qnoque
483 1382 656 1447 ‘provinciae'
695 1400 813 1448 personis
833 1401 891 1435 esse
907 1395 1003 1453 potest,
1020 1395 1045 1435 et
1066 1385 1151 1434 alteri.
1172 1383 1222 1432 Do·

127 1463 303 1512 nominantur.
325 1459 400 1507 Idem.
694 1467 772 1510 salue

163 1534 587 1598 0Geto‚proolucinm]Spleudlde
602 1548 657 1598 pre·
725 1540 760 1586 28
780 1536 900 1586 Adoersrn
917 1536 1039 1585 stisanlnrs
1059 1536 1146 1598 cubes]
1161 1541 1223 1595 nap-

120 1610 231 1659 oisciem
241 1610 320 1659 dixit.
336 1610 411 1658 Idem.
693 1610 758 1671 uide
778 1625 836 1660 enm
853 1610 974 1673 ἐλλείψεις
991 1610 1067 1659 deest
1083 1610 1223 1669 cuimine·

121 1702 124 1707 ·
161 1690 193 1733 28
211 1685 277 1732 Mibi
287 1698 343 1733 sess
352 1685 430 1747 uerit]
448 1684 491 1734 Ita
502 1684 659 1748 ptmeacct·
694 1691 755 1736 ture·
779 1686 977 1748 Stinelum¹pro
1000 1685 1105 1735 domiuo
1124 1684 1225 1733 adoles·

130 1760 172 1809 dit
183 1760 254 1808 mihi.
272 1760 336 1809 Mer.
349 1759 511 1808 mutuus.
693 1769 768 1810 cente
780 1761 874 1824 posuit.
891 1761 966 1809 idern

161 1834 434 1897 sinceritatisque·
453 1849 501 1893 sse,
523 1835 577 1883 Deo
594 1836 658 1884 beto
727 1834 822 1898 Galesi]
850 1835 940 1883 Modo*
957 1835 1041 1896 enices,
1062 1847 1113 1881 non
1137 1840 1226 1896 partes

120 1911 191 1974 meo]
208 1912 253 1960 stc
267 1911 403 1973 Virgilius,
420 1910 497 1959 ‘Nec
515 1910 553 1958 ut
566 1918 657 1959 texere
694 1913 802 1973 plante,
812 1909 858 1958 sed
875 1909 1053 1971 percussiones
1066 1906 1161 1970 pedum
1171 1907 1225 1970 pla·

119 1986 278 2049 ·Cupenturn
291 1986 371 2034 AEnea
392 1984 581 2033 venientesui!
598 1984 659 2035 Hoc
695 2000 792 2050 gaique
813 1984 951 2048 siguificat.
985 1984 1071 2032 Aliter
1090 1984 1227 2046 Virgilian,

130 2059 224 2125 Asper.
256 2063 308 2110 Sed
319 2063 380 2110 mihi
398 2061 501 2110 ridetur
513 2062 545 2109 ad
556 2062 603 2109 lroc
614 2060 659 2109 ad·
695 2061 869 2123 ‘Cslcemqne
882 2060 942 2109 terit
953 2058 1008 2122 jam
1026 2058 1099 2107 ealce
1115 2056 1227 2108 utores:

130 2137 226 2186 didisse
246 2153 305 2198 meo,
323 2152 356 2184 ne
375 2143 445 2185 esset
463 2135 605 2197 ἀμφίβολον,
617 2137 659 2186 eni
696 2135 772 2182 Idem.

130 2209 240 2271 diceret,
258 2213 320 2258 irnto
336 2210 397 2259 Deo.
433 2211 539 2259 Nauius
557 2211 584 2259 ln
602 2210 660 2259 Sta·
728 2208 848 2256 asserus
862 2207 1082 2270 stim-innecices]
1100 2208 1229 2259 Proverb.

130 2284 241 2346 lagrno,‘
254 2287 311 2333 Deo
323 2299 379 2332 niso
390 2286 513 2348 propitio,
523 2299 595 2334 meus
615 2285 659 2334 lto·
696 2282 784 2331 oruc.
800 2282 857 2345 spis
874 2282 959 2346 nimpe
973 2283 1102 2346 λακτίζειν,
1120 2299 1171 2346 quo
1189 2280 1229 2333 nsi

131 2372 173 2408 nro
184 2358 247 2409 est.’
263 2362 381 2410 nomm
696 2356 843 2420 Euripides,
854 2359 997 2421 AEselrylus‚
1010 2361 1061 2407 elii.
1079 2366 1108 2407 ut
1120 2359 1228 2408 ridiculi

164 2436 266 2485 Meruisse*
283 2435 384 2498 relinqui
398 2452 444 2491 sse,
461 2437 504 2486 des
525 2437 587 2485 irato
596 2436 659 2499 meu]
693 2434 756 2487 sint,
769 2432 933 2496 (Boccalius,
944 2435 1091 2496 Bersellum,
1109 2433 1171 2497 dre.)
1182 2435 1233 2499 qui·

132 2511 233 2559 Durriuo
242 2512 327 2561 dixit:
346 2526 379 2559 an
389 2526 448 2559 rere
461 2511 530 2559 deo?
548 2511 582 2559 Et
594 2513 659 2559 bene
697 2506 836 2567 Christum,
846 2507 907 2556 Aes.
919 2523 957 2557 rx.
969 2523 1006 2556 rs.
1016 2515 1041 2558 6.
1052 2524 1117 2558 voce
1128 2510 1229 2558 Teren·

129 2601 229 2645 memus
240 2596 308 2634 esset
318 2586 461 2647 ἀμφίβολον.
489 2585 661 2647 Etsicdixit,
697 2580 728 2627 tii
740 2595 811 2627 usum
823 2597 879 2630 csse
891 2594 1057 2633 censuerunt.
1093 2585 1229 2634 Csicesan·

130 2661 233 2710 Memini
249 2661 359 2722 relinqui,
378 2669 407 2708 ut
425 2661 450 2707 in
460 2658 569 2719 Andria,
587 2659 661 2707 ‘Me-
696 2661 749 2704 tem
761 2655 812 2717 bic,
822 2656 839 2704 i.
854 2658 960 2721 repetiti
976 2658 1056 2708 culcis
1068 2660 1145 2710 ictus.
1162 2659 1228 2709 Mer.

130 2737 192 2784 mini
213 2750 255 2784 tue
277 2736 364 2784 ridere
376 2735 393 2796 ς’
414 2743 451 2796 et,
471 2735 599 2783 ‘Memini
618 2747 661 2784 me
698 2731 859 2781 cisalum.

130 2809 186 2858 fieri
196 2813 328 2870 parvum,’
343 2809 448 2858 Ennius.
466 2810 541 2858 idem.
729 2810 762 2855 22
778 2807 853 2857 Scisti
872 2807 909 2856 sti
920 2807 991 2870 soro]
1008 2810 1157 2858 Secundum
1168 2809 1227 2859 illos

162 2885 215 2934 Deo
230 2884 304 2947 bulo]
319 2883 401 2933 Andr.
419 2897 458 2933 tv.
477 2897 546 2932 scen.
560 2887 583 2933 1.
614 2884 660 2933 ‘Si
697 2883 885 2945 negotiatores,
904 2887 947 2948 qui
970 2896 1031 2933 ante
1053 2887 1138 2934 iocum
1159 2901 1228 2935 com·

131 3033 234 3083 rideibi
247 3041 301 3082 not.
319 3034 385 3082 Mer.
397 3032 556 3081 Cimberne.
698 3031 761 3080 dant
778 3048 835 3096 qnae
853 3035 1000 3085 sdveltuut:
1018 3036 1065 3086 sed
1084 3037 1229 3086 secundun

162 3113 193 3157 25
213 3109 278 3165 Quid
292 3109 370 3157 serbis
392 3107 514 3170 operest]
542 3108 660 3171 Repente
697 3120 823 3156 annonam
843 3106 980 3172 foriquam
999 3109 1231 3173 deprehenderint,

130 3182 249 3246 infertur,
262 3186 434 3248 Qsidopnrest
443 3182 542 3236 uerbis?
557 3191 585 3235 et
597 3186 661 3237 rutis
697 3182 831 3232 consilium
852 3183 1024 3233 divendendis
1041 3193 1151 3234 autnon
1168 3201 1229 3236 ven·

122 3261 272 3311 moraliter.
289 3262 410 3311 Munus.
697 3261 1048 3311 dcudismercibussnmunt.
1066 3263 1185 3314 Domus
1251 3260 1256 3271 '

148 3340 195 3413 ,26
212 3336 417 3401 Seuifldelisdnm
427 3337 490 3400 rum]
503 3337 660 3400 Opportune
729 3334 804 3383 Scisti
815 3334 914 3396 sisere]
932 3337 1020 3385 Forum
1031 3351 1078 3398 pro
1092 3338 1174 3387 tribus
1189 3339 1228 3386 in·

123 3411 181 3456 ·serri
197 3410 261 3470 dixi,
272 3421 301 3460 ut
319 3412 440 3460 ostendet
458 3426 537 3475 qnam
554 3413 661 3462 stultum
698 3408 840 3470 telligitnr:
870 3410 937 3470 loco,
960 3420 1087 3474 ternpore,
1108 3428 1228 3477 persone.

132 3491 182 3543 est,
198 3484 252 3531 seni
281 3485 407 3535 adversus
423 3487 536 3548 juvenes
555 3485 660 3537 fidelem
696 3483 784 3540 Scisti,
797 3483 996 3547 inquit,l1isuti.
1020 3489 1055 3536 Et
1067 3494 1107 3537 est
1119 3492 1228 3551 strigare

131 3572 196 3607 esse.
213 3557 288 3607 Idem.
697 3558 871 3621 proverbium.
904 3560 1001 3610 Sensus
1018 3563 1059 3611 liic
1082 3570 1133 3625 est,
1157 3566 1228 3613 Scis·

164 3633 223 3682 Seni
234 3632 317 3697 fidelis
337 3635 394 3682 daos
419 3634 482 3697 mn]
515 3636 592 3685 Fun
620 3644 661 3688 est
696 3635 725 3690 ti.
743 3634 835 3699 inquit,
852 3636 913 3699 quid
930 3634 1059 3686 t’ocetetc
1077 3648 1225 3701 oporteret.

131 3710 245 3759 amicus:
255 3709 388 3774 fidelisest
405 3723 505 3758 servus.
538 3711 602 3760 Plus
619 3720 661 3762 est
699 3710 774 3759 Idem.

130 3785 234 3848 perdidi,
250 3799 326 3849 quam
348 3785 370 3833 si
387 3783 499 3846 diceret,
518 3786 592 3836 delui.
626 3789 661 3838 Et
733 3786 778 3836 Uti
789 3786 857 3849 soro]
874 3787 1044 3850 Temporibus
1065 3789 1173 3850 servire,
1184 3803 1227 3838 oe·

132 3860 199 3909 bene
218 3861 310 3910 retulit
326 3860 421 3924 perdidi
447 3859 506 3922 πρὸς
521 3860 552 3910 rb
567 3861 661 3926 fidelis.
697 3861 824 3912 casionem
833 3862 947 3925 arripere
958 3877 964 3911 ε
977 3863 1097 3925 exemplo
1109 3865 1227 3925 negotia·

32 3986 38 3993 ,
132 3934 227 3984 Fidelis
243 3933 434 3985 enimofficinm
445 3938 661 3998 est,serrareali·
698 3942 790 3999 turnus,
803 3937 847 4000 qni
861 3951 907 4000 pro
923 3950 1030 3986 annonae
1045 3939 1154 4002 ratione,
1166 3954 1225 4003 pre·

132 4008 203 4071 quid.
220 4011 294 4060 Idem.
696 4010 761 4063 sinn
780 4012 908 4061 mercibus
929 4012 980 4060 suis
998 4019 1127 4064 statuunt.
1159 4016 1225 4063 uter.

124 4102 129 4110 ·
163 4080 276 4143 numm
293 4085 399 4148 perdidi]
414 4086 579 4151 vapulando,
598 4087 660 4136 duur
699 4086 858 4137 Consonus.

135 4155 341 4208 adolescentibus
358 4161 488 4222 adversor,
498 4169 528 4211 ut
539 4162 661 4215 mandato
730 4164 762 4209 8⁰
772 4160 921 4211 Nosterrrcli
928 4162 989 4212 nibil
996 4164 1131 4227 quidquam]
1144 4166 1226 4216 Quor·
