2700 5160
129 358 215 429 1719
303 426 307 439 ,
460 368 655 423 arnustus
677 368 891 421 nnrrrorrurr

127 514 275 602 Adelplri
316 512 481 595 Terentii,
518 515 554 581 in
590 530 693 581 rernn
728 512 880 593 heroico,
912 528 990 577 num
1025 509 1129 589 notin,
1164 526 1232 593 prr.

128 619 370 687 bausiatorem.
381 618 479 685 1776.
497 618 576 685 Oro·
618 617 768 685 Terentii
792 614 1225 682 Heautontimorumeno

125 717 331 805 etAdelplri,
351 721 494 802 Anglice
508 739 628 798 rerem,
646 739 725 786 cnm
747 716 1035 783 observationibus
1048 717 1085 783 in
1098 714 1225 781 verrio·

126 840 202 887 nem
216 821 394 902 inplicam
408 822 597 889 Colmnuni·
620 821 734 886 Oxon·
747 821 844 886 1777.
856 819 933 884 800.
976 815 1128 885 Terentii
1151 814 1224 883 nn·

127 922 201 989 driu
211 923 246 989 in
261 922 434 1009 Anglicem
449 942 585 1010 pronum
598 943 708 1002 verna,
730 941 806 988 cnm
817 921 909 987 notis
923 919 1047 986 criticis
1061 925 1099 983 et
1111 917 1224 1002 expli·

126 1027 320 1106 cetorils,.a
341 1027 385 1094 G.
402 1026 446 1092 R·
470 1024 662 1106 Goodluck,
681 1026 755 1110 iun.
777 1024 884 1090 Lond·
899 1022 998 1090 1820·
1011 1021 1224 1089 tvo.-Sunt

127 1129 227 1194 etiam
243 1129 322 1195 alim
336 1129 543 1214 multiplices
557 1128 759 1213 singularum
784 1124 1026 1193 comoediarum
1041 1124 1230 1198 editiones,¹

127 1238 194 1295 tem
208 1236 334 1296 exteroe
348 1250 450 1313 quern
466 1229 629 1314 Anglicoe,
650 1236 722 1295 tam
736 1235 868 1295 veteres
881 1247 984 1312 quam
999 1224 1224 1300 recentiores,

125 1351 211 1414 quse
233 1331 289 1397 hio
310 1351 492 1398 memorare
505 1333 638 1413 longum
651 1338 754 1398 esset.
1121 1384 1126 1391 .

169 1433 261 1499 lnter
273 1432 471 1499 Terentiano
484 1436 638 1519 quaedam
651 1442 729 1501 runt
742 1455 819 1520 quoe
841 1434 887 1500 ab
910 1432 1108 1509 editoribus,
1122 1430 1225 1514 jure·

125 1554 206 1599 num
229 1536 382 1602 moribus
394 1536 664 1615 consulentibus,
690 1538 800 1622 (quod
822 1534 962 1621 vocant)
987 1541 1223 1599 nostrorumst.

125 1635 180 1702 llx
189 1637 254 1702 boo
262 1657 399 1703 numero
414 1644 478 1715 eet,
491 1637 576 1702 Pars
585 1638 779 1722 Cempianre
789 1636 1016 1703 classicorum
1027 1637 1223 1702 [eduorum

124 1736 397 1824 Frncpclopaedim
412 1761 453 1807 ee
467 1760 543 1825 quen
562 1740 713 1823 longiora
723 1749 885 1824 excerpta
901 1759 948 1805 ex
963 1738 1105 1817 Andria,
1120 1737 1224 1803 nuu-

104 1838 212 1923 .plris,
236 1841 449 1921 Phormione,
472 1851 509 1908 et
531 1842 694 1909 Ennncbo
711 1843 862 1921 exhibet,
886 1844 930 1907 iis
941 1840 1224 1926 quesancuuri

123 1962 301 2026 puerorum
316 1948 467 2012 nocitura
479 1945 668 2010 riderentur
681 1945 808 2021 recisis,
823 1964 904 2010 cura
929 1942 953 2008 J
954 1963 986 2008 0.
1000 1941 1109 2008 Henr.
1135 1944 1222 2025 Aug.

124 2044 282 2125 Schulnc,
298 2047 439 2113 Brunsv.
456 2047 552 2112 1799.
566 2046 644 2111 evo.
658 2065 702 2111 ne
717 2046 869 2111 dicamus
880 2046 924 2111 de
939 2044 1100 2110 Terentio
1107 2042 1223 2109 Chris-

124 2145 228 2224 h'nno,
247 2167 311 2212 nen
325 2147 513 2214 Comoediis
528 2148 634 2212 sacris
647 2167 720 2227 sex,
744 2155 779 2213 et
802 2147 1007 2213 Terentiano
1029 2146 1120 2230 stylo
1141 2164 1222 2210 ron·

124 2244 261 2330 scriptis
275 2268 297 2315 a
311 2247 468 2316 Cornelio
482 2249 649 2316 Schonaeo
662 2249 845 2316 Goudnno·
860 2249 977 2315 Colon-
992 2248 1092 2315 1614.
1106 2248 1185 2315 evo.

168 2346 466 2419 InterTerenu‘ann
479 2352 629 2419 notanda
642 2358 720 2417 sunt
734 2353 890 2437 quendem
902 2351 1143 2425 Miscellaneez
1153 2349 1220 2415 tale

124 2456 189 2528 est,
210 2453 362 2532 stendal,
377 2455 473 2522 1794.
487 2455 563 2521 800.
579 2474 657 2519 cum
671 2455 798 2519 tabulis
812 2455 929 2531 reneis,
948 2452 1037 2537 quod
1056 2452 1219 2526 continet,

123 2560 244 2634 prmter
264 2555 469 2638 Fragmenta
481 2557 638 2640 qnondam
652 2555 763 2633 Ennii,
784 2555 937 2631 Pacuvii,
959 2554 1104 2632 Coecilil,
1120 2552 1219 2617 Attii·

122 2671 198 2734 qne,
215 2653 330 2718 Plauti
351 2657 453 2720 etiem
467 2654 642 2740 Captivos,
656 2653 803 2721 Terentii
818 2656 1088 2721 Heautontimor.
1103 2662 1140 2720 01
1159 2655 1220 2719 Se·

122 2771 217 2818 neem
229 2754 414 2820 Herculem
426 2756 610 2823 Furentnm.
631 2756 778 2823 Termtii
789 2758 964 2835 Andriam,
973 2777 1016 2823 ex
1026 2758 1223 2822 recensione

124 2853 281 2933 Bentleii,
295 2856 401 2921 edidit
415 2857 459 2923 G·
474 2856 531 2923 W.
548 2858 592 2923 A.
608 2858 841 2925 Fickenscber.
858 2856 995 2924 Attenb.
1009 2859 1108 2924 1799.
1120 2857 1198 2923 810.

167 2949 274 3018 Floret
295 2959 398 3023 etism
412 2959 564 3024 Terentii
590 2979 612 3024 a
636 2958 749 3025 Nicol.
771 2960 861 3025 Udal
873 2960 1024 3037 collecti,
1049 2980 1095 3025 ex
1110 2961 1218 3025 tribus

122 3058 289 3141 prioribus
303 3058 451 3124 Terentii
465 3059 662 3127 Comoediis.
706 3061 863 3140 Irnndini,
879 3083 939 3146 per
953 3061 1120 3126 Thomarn
1135 3062 1218 3126 Ber·

121 3160 233 3238 thelet,
260 3161 354 3226 leuc
379 3163 542 3229 1210001
562 3185 655 3250 saepe
676 3173 781 3250 repet·
823 3165 926 3230 Nove
951 3164 1065 3228 Editio
1094 3169 1207 3239 aucta,

122 3262 168 3326 nb
180 3262 215 3328 J.
233 3262 390 3348 Higgins,
409 3264 560 3335 flosculis
577 3286 622 3332 ex
635 3266 775 3348 reliquie
791 3267 897 3330 tribus
911 3263 1101 3330 comoediis·
1116 3263 1211 3329 1981.

121 3363 200 3429 8ro.
246 3367 428 3432 sentences
441 3368 526 3431 irum
539 3367 697 3441 Terence,
712 3365 819 3430 lond.
834 3369 932 3433 1560·
947 3367 1025 3432 8vo.

133 3509 137 3517 .
165 3464 376 3544 Scripserunt
387 3465 428 3528 de
443 3465 528 3529 Vita
541 3464 700 3539 Terentii,
722 3463 901 3533 Suetonius
914 3469 951 3532 in
965 3467 1069 3532 libro
1081 3467 1217 3532 Donato

121 3580 295 3648 perperam
310 3567 470 3647 ascripto,
496 3562 674 3627 Fabricius
689 3563 723 3626 in
738 3563 897 3633 Bibliotlr.
912 3569 992 3634 Lat.
1005 3567 1157 3633 Vossius
1172 3567 1214 3631 de

122 3663 242 3729 Podtie
265 3663 408 3738 Latinis,
435 3685 469 3747 p.
497 3663 531 3727 9.
555 3660 744 3740 Herlenins,
773 3665 927 3748 Cronius,
957 3671 991 3733 in
1022 3667 1127 3747 Vitis,
1149 3668 1217 3734 An

121 3766 207 3846 plico
228 3765 376 3849 scriptis,
397 3764 573 3848 poetarum
604 3760 808 3843 Latinorum,
827 3770 895 3836 vol.
912 3787 954 3834 rr.
988 3770 1119 3835 Auctor
1134 3771 1216 3837 Bio-

122 3867 271 3949 grnpltin
298 3865 475 3943 citeriore,
502 3862 571 3927 vol·
595 3879 620 3925 r·
651 3860 848 3933 Edrnondus
885 3872 1068 3949 Burronns,
1090 3870 1221 3957 (nuper

121 3960 995 4048 urm.001.0unun.Soeiue,)in0beerveuoninue
1013 3975 1045 4039 in
1067 3973 1216 4039 Cbenem

121 4077 196 4129 tera
217 4083 253 4133 et
275 4070 410 4154 Scripta
434 4067 591 4135 Tiereutii.
634 4064 809 4152 Praecepta
823 4076 929 4143 etiam
940 4076 1035 4141 Artis
1048 4075 1213 4159 Paedapu·
