2700 5160
50 376 58 383 -
124 340 210 408 itio
352 357 354 369 ·
459 338 661 393 messuros
686 336 902 386 nurrrurrnu

123 503 214 564 urana
231 496 317 557 uso.
340 491 442 552 uretur
456 488 546 550 edite.
559 487 607 546 et
629 483 766 545 muer
789 443 1034 542 moeremus
1059 474 1216 547 rueme,

124 617 193 679 quse
206 594 294 655 dicte
308 587 428 651 editioni
438 589 499 667 jam
515 583 684 649 inserviere.

168 694 245 753 1774
266 689 345 769 Lips.
360 706 397 747 ex
410 702 470 747 rec.
486 677 708 760 Lindesbmgi,
718 696 746 738 c.
759 672 854 756 ejusd
869 674 948 734 Μιι.
970 671 1052 731 ieott
1067 678 1101 729 et
1123 669 1213 730 obss.

125 802 214 870 etque
238 788 317 847 Dun.
346 785 437 863 Eugr.
465 791 496 841 et
522 778 628 858 Ceiph.
651 775 770 836 Oomm.
792 770 926 851 integris.
955 768 1029 828 Ace.
1055 765 1163 826 Benti.
1189 778 1217 824 et

126 885 231 946 Fa'etui
246 882 328 944 lectt.
354 900 389 940 ec
411 877 588 957 conjecture
613 892 728 944 omnes,
750 868 849 931 sedin
869 885 966 946 comp.
989 862 1214 936 redectes,-item

33 1020 35 1024 ι
125 978 310 1042 Westerh.in
324 974 506 1036 scholiastes
518 974 601 1034 lectt.
615 991 651 1032 ec
664 969 853 1047 conjectures,
864 964 972 1043 quibus
984 971 1015 1022 et
1029 979 1104 1021 snas
1114 978 1213 1040 esper-

126 1081 165 1142 sit
179 1078 223 1138 Μ.
238 1077 268 1136 J.
283 1076 351 1135 Cer.
367 1071 504 1143 Zeuuius,
518 1069 577 1151 edj.
592 1067 682 1130 Iudd.
695 1068 726 1126 in
736 1066 818 1124 Don.
833 1060 959 1122 Bentleii
974 1059 1005 1118 in
1016 1059 1087 1117 Ter.
1101 1056 1214 1116 otiien·

124 1176 164 1235 nii
185 1177 215 1232 in
229 1171 385 1251 scriptores
400 1169 430 1227 in
445 1167 544 1229 Schoi.
559 1166 671 1228 obvios.
694 1168 713 1224 2
728 1161 808 1222 Voll.
825 1162 855 1223 8.
871 1158 972 1219 Editio
986 1157 1017 1215 in
1031 1172 1123 1234 quern
1138 1154 1214 1234 prio-

125 1291 188 1331 rum
203 1270 281 1328 bone
293 1276 446 1345 congesto,
461 1283 555 1344 eoque
566 1257 819 1324 commendabilis.

167 1397 206 1417 .-
222 1363 354 1423 Norimb.
370 1363 419 1421 12.

166 1460 273 1521 AEtatis
284 1457 371 1539 hujus
386 1456 529 1520 editiones
544 1464 614 1516 snut
628 1456 679 1516 58.

533 1803 842 1822 m

173 2108 383 2175 Hscrrrnus
398 2107 582 2191 Bipontini.
611 2106 800 2175 Editionem
815 2107 1000 2191 prinoipem
1010 2103 1164 2191 (quse-sb
1178 2106 1217 2169 iis

128 2207 282 2293 vocetur)
296 2228 386 2275 muno
406 2209 731 2277 ennoematice).
751 2208 825 2287 sed,
847 2228 924 2274 oum
941 2208 1072 2273 Herios
1099 2227 1217 2274 nnnnn

126 2329 229 2379 menn
250 2311 426 2397 appictum
437 2317 545 2396 putet,
565 2313 641 2377 sine
655 2331 750 2377 enno
774 2312 894 2396 potius
911 2307 1112 2395 accipienda
1132 2308 1220 2376 ride

127 2420 197 2496 tnr;
225 2434 332 2499 eoque
354 2415 461 2499 magis
481 2415 549 2481 istu
563 2416 672 2482 editio
693 2416 757 2481 enb
776 2415 884 2479 dnbio
905 2432 983 2479 esse
1005 2413 1122 2491 debet,
1146 2411 1222 2497 quin

129 2518 315 2582 secundnm
329 2516 505 2583 chevalier
520 2517 630 2582 d'Eloi
644 2537 708 2583 eon
728 2517 903 2600 panciores
917 2533 1019 2600 quem
1031 2513 1222 2598 quindecim

128 2617 292 2684 editiones
316 2620 476 2703 entiquae,
498 2640 638 2705 qnorum
660 2620 738 2706 ipse
761 2618 936 2684 duodecim
959 2615 1129 2700 possedit,
1153 2617 1222 2681 sine

130 2737 217 2782 enno
243 2720 458 2785 numerandae
482 2726 569 2786 sunt.
613 2719 684 2786 Vix
703 2721 806 2804 igitur
827 2720 928 2786 stetui
941 2724 1055 2804 potest
1068 2728 1223 2803 qnaeriem

129 2820 215 2884 inter
228 2840 286 2886 ees
309 2822 353 2887 eit
368 2821 472 2886 editio
487 2822 656 2906 princeps,
678 2841 785 2906 neque
808 2829 862 2886 est
883 2821 981 2905 hujus
999 2818 1070 2885 loci
1092 2820 1224 2904 perqui-

129 2939 211 2984 rere.
256 2921 294 2986 Si
320 2923 487 3007 quievero
508 2925 595 2988 hunc
608 2943 676 2987 rem
692 2923 859 2989 curiosius
875 2922 956 2987 velit
969 2922 1124 3001 scrutari,
1146 2942 1224 2989 oon·

129 3022 221 3087 sulet
237 3021 373 3105 Herles.
397 3023 519 3088 Introd.
534 3025 569 3088 in
592 3023 699 3090 Notit
713 3023 780 3091 Iit.
801 3021 900 3088 Rem.
927 3022 1081 3108 ejusdem
1101 3023 1224 3110 Suppl.

131 3124 176 3189 ed
199 3124 298 3192 Brev.
315 3127 423 3193 Notit
446 3131 481 3191 et
502 3126 661 3193 Bibiioth.
683 3125 842 3210 Speucer.
856 3126 925 3191 roi.
940 3143 983 3192 ιι.
1005 3145 1041 3210 p.
1054 3126 1133 3201 400.
1149 3146 1223 3213 sqq.

57 3227 66 3244 ⁶
130 3227 259 3313 Siquis
273 3228 376 3297 etiam
387 3236 481 3315 petet
490 3232 728 3316 argumentum,
736 3229 824 3314 qnod
840 3228 1028 3308 editionem,
1042 3228 1223 3297 seeundum

131 3329 341 3414 Bipontinos,
357 3334 453 3398 1470.
466 3333 592 3397 nnllam
608 3330 709 3397 elium
724 3350 916 3416 essequam
931 3331 1113 3397 editionem
1128 3332 1223 3399 1481.

130 3450 153 3494 e
162 3431 354 3514 Bipontinis
363 3453 465 3518 supra
478 3440 639 3510 nomtcm,
654 3436 790 3511 statum,
799 3433 1053 3499 edeetenndetn
1060 3416 1222 3502 Bibiintir.

132 3531 293 3614 Spencer.
308 3534 374 3597 voi.
392 3549 430 3598 ιι.
446 3554 480 3617 p.
495 3535 573 3599 402.
591 3540 661 3598 not.
1013 3525 1019 3541 ⁸

174 3632 291 3699 Varie
313 3632 480 3699 editiones
496 3632 766 3699 Mediolanenses
775 3635 946 3718 evulgetae
961 3645 1042 3703 eunt
1058 3658 1146 3709 rrum.v
1157 3656 1222 3705 xv.

133 3755 271 3820 numum
284 3735 450 3800 nonnulle
476 3733 632 3816 effugisse
652 3734 803 3803 ridentur
818 3737 1031 3820 Bipontiuos,
1053 3758 1176 3826 nempe
1192 3763 1221 3806 e

134 3839 231 3903 1472.
253 3837 311 3915 sol.
333 3843 368 3900 et
393 3835 491 3901 1492.
514 3836 828 3908 arundineum
851 3849 1030 3906 comment
1047 3843 1138 3909 AEiii
1152 3846 1220 3910 ne

130 3941 213 4018 neti,
228 3960 286 4024 per
302 3938 437 4006 Ulderio
451 3937 655 4018 Zeinneiiem
675 3938 745 4005 un
753 3940 861 4006 etium
875 3942 967 4026 typis
977 3944 1095 4010 vZeroti
1103 3947 1203 4012 1481.

175 4041 368 4121 Terentius,
391 4061 465 4107 eve.
478 4042 504 4107 1.
527 4046 561 4112 et
578 4039 710 4106 numme
729 4042 955 4127 depresseris,
969 4049 1042 4112 dte.
1058 4044 1219 4114 'Bibliotir

133 4138 291 4222 Spenoer.
326 4144 416 4209 nne
427 4144 484 4211 rei
500 4151 567 4210 ees
576 4141 808 4211 diadittin
822 4145 946 4215 celebri
958 4148 1021 4214 troo
1035 4148 1171 4230 Museo,
1185 4155 1218 4213 ut
